<?xml version="1.0" encoding="utf-8"?>
<record xmlns="http://www.loc.gov/MARC21/slim" xsi:schemaLocation="http://www.loc.gov/MARC21/slim http://www.loc.gov/standards/marcxml/schema/MARC21slim.xsd" xmlns:xsi="http://www.w3.org/2001/XMLSchema-instance">
  <leader>02198cam a2200433Ka 4500</leader>
  <controlfield tag="001">5676683</controlfield>
  <controlfield tag="005">20140626102502.0</controlfield>
  <controlfield tag="008">070710s1649    gw a          000 0 lat d</controlfield>
  <datafield tag="035" ind1=" " ind2=" ">
    <subfield code="a">(OCoLC)ocn255821729</subfield>
  </datafield>
  <datafield tag="035" ind1=" " ind2=" ">
    <subfield code="a">(uiucDB)5676683</subfield>
  </datafield>
  <datafield tag="040" ind1=" " ind2=" ">
    <subfield code="a">GyGoGBV</subfield>
    <subfield code="e">rakwb</subfield>
    <subfield code="b">ger</subfield>
    <subfield code="c">GBVCP</subfield>
    <subfield code="d">UIU</subfield>
  </datafield>
  <datafield tag="041" ind1="0" ind2=" ">
    <subfield code="a">lat</subfield>
    <subfield code="a">ger</subfield>
  </datafield>
  <datafield tag="049" ind1=" " ind2=" ">
    <subfield code="a">UIUU</subfield>
  </datafield>
  <datafield tag="100" ind1="1" ind2=" ">
    <subfield code="a">Vogel, Johann,</subfield>
    <subfield code="d">1589-1663.</subfield>
  </datafield>
  <datafield tag="245" ind1="1" ind2="0">
    <subfield code="a">Meditationes emblematicae de restaurata pace Germaniae =</subfield>
    <subfield code="b">Sinnebilder von dem widergebrachten Teutschen Frieden /</subfield>
    <subfield code="c">kèurzlich erklèart durch Johann Vogel.</subfield>
  </datafield>
  <datafield tag="246" ind1="3" ind2="1">
    <subfield code="a">Sinnebilder von dem widergebrachten Teutschen Frieden</subfield>
  </datafield>
  <datafield tag="246" ind1="3" ind2=" ">
    <subfield code="a">Meditationes de restaurata pace</subfield>
  </datafield>
  <datafield tag="246" ind1="3" ind2=" ">
    <subfield code="a">Sinnbilder von dem wiedergebrachten Frieden in Teutschlandt</subfield>
  </datafield>
  <datafield tag="260" ind1=" " ind2=" ">
    <subfield code="a">Francofurti :</subfield>
    <subfield code="b">Apud Joh. Dav. Zunnerum,</subfield>
    <subfield code="c">[1649]</subfield>
  </datafield>
  <datafield tag="300" ind1=" " ind2=" ">
    <subfield code="a">[5], XXIV, XXIV, [3] p. :</subfield>
    <subfield code="b">ill. (engravings) ;</subfield>
    <subfield code="c">22 cm (4to)</subfield>
  </datafield>
  <datafield tag="546" ind1=" " ind2=" ">
    <subfield code="a">Text in Latin and German.</subfield>
  </datafield>
  <datafield tag="500" ind1=" " ind2=" ">
    <subfield code="a">Publication date appears as chronogram on title-page.</subfield>
  </datafield>
  <datafield tag="500" ind1=" " ind2=" ">
    <subfield code="a">Place of publication and printer from additional engraved title-page: "Meditationes de restaurata pace = Sinnbilder von dem wiedergebrachten Frieden in Teutschlandt / Johannis Vogelij", with imprint: "Francofurti : Apud Joh. Dav. Zunnerum."</subfield>
  </datafield>
  <datafield tag="500" ind1=" " ind2=" ">
    <subfield code="a">Opposite pages bear duplicate numbering.</subfield>
  </datafield>
  <datafield tag="500" ind1=" " ind2=" ">
    <subfield code="a">Signatures: A-G.</subfield>
  </datafield>
  <datafield tag="500" ind1=" " ind2=" ">
    <subfield code="a">Added title-page has ornamental border; initials; head-pieces; [24] engraved emblems.</subfield>
  </datafield>
  <datafield tag="510" ind1="4" ind2=" ">
    <subfield code="a">Landwehr, J. German emblem books,</subfield>
    <subfield code="c">628</subfield>
  </datafield>
  <datafield tag="510" ind1="4" ind2=" ">
    <subfield code="a">McGeary &amp; Nash. Emblem books at the University of Illinois,</subfield>
    <subfield code="c">V36</subfield>
  </datafield>
  <datafield tag="510" ind1="4" ind2=" ">
    <subfield code="a">VD 17 (online),</subfield>
    <subfield code="c">23:000260P</subfield>
  </datafield>
  <datafield tag="500" ind1=" " ind2=" ">
    <subfield code="a">"1649" inscribed in ink on title-page.</subfield>
    <subfield code="5">IU-R</subfield>
  </datafield>
  <datafield tag="650" ind1=" " ind2="0">
    <subfield code="a">Emblems</subfield>
    <subfield code="v">Early works to 1800.</subfield>
  </datafield>
  <datafield tag="650" ind1=" " ind2="0">
    <subfield code="a">Emblem books, Latin</subfield>
    <subfield code="z">Germany</subfield>
    <subfield code="y">17th century.</subfield>
  </datafield>
  <datafield tag="650" ind1=" " ind2="0">
    <subfield code="a">Emblem books, German</subfield>
    <subfield code="z">Germany</subfield>
    <subfield code="y">17th century.</subfield>
  </datafield>
  <datafield tag="655" ind1=" " ind2="7">
    <subfield code="a">Emblem books</subfield>
    <subfield code="z">Germany</subfield>
    <subfield code="y">17th century.</subfield>
    <subfield code="2">rbgenr</subfield>
  </datafield>
  <datafield tag="700" ind1="1" ind2=" ">
    <subfield code="a">Zunner, Johann David,</subfield>
    <subfield code="d">active approximately 1653-1705</subfield>
    <subfield code="e">printer.</subfield>
  </datafield>
  <datafield tag="852" ind1="8" ind2=" ">
    <subfield code="b">eresour-nc</subfield>
    <subfield code="h">Online Resource</subfield>
    <subfield code="t">1</subfield>
  </datafield>
  <datafield tag="994" ind1=" " ind2=" ">
    <subfield code="a">C0</subfield>
    <subfield code="b">UIU</subfield>
  </datafield>
  <datafield tag="856" ind1="4" ind2="1">
    <subfield code="3">Full text - UIUC</subfield>
    <subfield code="u">http://hdl.handle.net/10111/UIUCOCA:meditationesembl00voge</subfield>
  </datafield>
  <datafield tag="856" ind1="4" ind2="1">
    <subfield code="3">Full text - OCA</subfield>
    <subfield code="u">http://www.archive.org/details/meditationesembl00voge</subfield>
  </datafield>
</record>
<?query @attr 1=12 "5676683" ?>
<?count 1 ?>
